@misc{PaulsNotes,
    title = {Paul's Calculus Notes},
    url = {https://tutorial.math.lamar.edu/},
    year={2003-2020},
    publisher={Lamar University}
}
@misc{OregonState,
    title = {List of Series Tests},
    url = {http://sites.science.oregonstate.edu/math/home/programs/undergrad/CalculusQuestStudyGuides/SandS/SeriesTests/test_summary.html},
    year={2020},
    publisher={Oregon State University}
}
