@misc{PaulsNotes,
    title = {Paul's Calculus Notes},
    url = {https://tutorial.math.lamar.edu/},
    year={2003-2020},
    publisher={Lamar University}
}
@misc{CIEPhysicsSyllabus,
    title = {Physics Syllabus},
    url = {https://www.cambridgeinternational.org/Images/164526-2016-2018-syllabus.pdf},
    year={2016-2018},
    publisher={Cambridge}
}
